@article{siby2019encrypted,
  title={Encrypted DNS--> Privacy? A traffic analysis perspective},
  author={Siby, Sandra and Juarez, Marc and Diaz, Claudia and Vallina-Rodriguez, Narseo and Troncoso, Carmela},
  journal={arXiv preprint arXiv:1906.09682},
  year={2019}
}

@inproceedings{bottger2019empirical,
  title={An Empirical Study of the Cost of DNS-over-HTTPS},
  author={B{\"o}ttger, Timm and Cuadrado, Felix and Antichi, Gianni and Fernandes, Eder Le{\~a}o and Tyson, Gareth and Castro, Ignacio and Uhlig, Steve},
  booktitle={Proceedings of the Internet Measurement Conference},
  pages={15--21},
  year={2019}
}

@article{singanamalla2020oblivious,
  title={Oblivious dns over https (odoh): A practical privacy enhancement to dns},
  author={Singanamalla, Sudheesh and Chunhapanya, Suphanat and Vavru{\v{s}}a, Marek and Verma, Tanya and Wu, Peter and Fayed, Marwan and Heimerl, Kurtis and Sullivan, Nick and Wood, Christopher},
  journal={arXiv preprint arXiv:2011.10121},
  year={2020}
}

@article{kurihara2021mutualized,
  title={Mutualized oblivious DNS ($$\backslash$mu $ ODNS): Hiding a tree in the wild forest},
  author={Kurihara, Jun and Kubo, Takeshi},
  journal={arXiv preprint arXiv:2104.13785},
  year={2021}
}

@article{hsieh2022use,
  title={Use chains to block DNS attacks: A trusty blockchain-based domain name system},
  author={Hsieh, Wen-Bin and Leu, Jenq-Shiou and Takada, Jun-Ichi},
  journal={Journal of Communications and Networks},
  volume={24},
  number={3},
  pages={347--356},
  year={2022},
  publisher={KICS}
}